\usepackage[style=alphabetic,maxnames=4,minnames=3,maxbibnames=99]{biblatex}

@book{精密机械设计基础,
  title={《精密机械设计基础》},
  author={庞振基,黄其圣,主编},
  publisher={}, 
  year={}, 
  address={}, 
  edition={}, 
  isbn={} 
}

@book{精密机械零件,
  title={《精密机械零件》},
  author={庞振基,傅雄刚,主编},
  publisher={}, 
  year={}, 
  address={}, 
  edition={}, 
  isbn={} 
}

@book{仪器仪表结构设计图册,
  title={《仪器仪表结构设计图册》},
  author={陈文贤, 主编},
  publisher={哈尔滨工业大学出版社}, 
  year={}, 
  address={}, 
  edition={}, 
  isbn={} 
}

@book{机械设计手册,
  title={《机械设计手册》},
  author={成大先, 主编},
  publisher={化学工业出版社}, 
  year={}, 
  address={}, 
  edition={}, 
  isbn={} 
}